<record><leader>00000cas a22000007a 4500</leader><controlfield tag="001">13107779</controlfield><controlfield tag="008">860205d18921897txudn ne      0   a0eng c</controlfield><datafield ind1=" " ind2=" " tag="010"><subfield code="a">sn 86089174 </subfield></datafield><datafield ind1=" " ind2=" " tag="040"><subfield code="a">TBS</subfield><subfield code="b">eng</subfield><subfield code="c">TBS</subfield><subfield code="d">PPM</subfield><subfield code="d">NSD</subfield><subfield code="d">PPM</subfield><subfield code="d">DLC</subfield><subfield code="d">OCLCQ</subfield><subfield code="d">DLC</subfield><subfield code="d">IUL</subfield></datafield><datafield ind1="1" ind2=" " tag="022"><subfield code="a">1946-522X</subfield><subfield code="l">1946-522X</subfield><subfield code="2">1</subfield></datafield><datafield ind1=" " ind2=" " tag="042"><subfield code="a">pcc</subfield><subfield code="a">nsdp</subfield></datafield><datafield ind1=" " ind2=" " tag="043"><subfield code="a">n-us-tx</subfield></datafield><datafield ind1="0" ind2="0" tag="050"><subfield code="a">Newspaper</subfield></datafield><datafield ind1="0" ind2=" " tag="130"><subfield code="a">Daily herald (Brownsville, Tex. : 1892)</subfield></datafield><datafield ind1=" " ind2="4" tag="222"><subfield code="a">The daily herald</subfield><subfield code="b">(Brownsville, Tex. 1892)</subfield></datafield><datafield ind1="1" ind2="4" tag="245"><subfield code="a">The daily herald.</subfield></datafield><datafield ind1=" " ind2=" " tag="260"><subfield code="a">Brownsville, Tex. :</subfield><subfield code="b">Jesse O. Wheeler</subfield></datafield><datafield ind1=" " ind2=" " tag="300"><subfield code="a">v.:</subfield><subfield code="b">ill.;</subfield><subfield code="c">56-58 cm.</subfield></datafield><datafield ind1=" " ind2=" " tag="310"><subfield code="a">Daily (except Sunday)</subfield></datafield><datafield ind1="0" ind2=" " tag="362"><subfield code="a">Vol. 1, no. 1 (July 4, 1892)-v. 5, no. 308 (June 30, 1897).</subfield></datafield><datafield ind1=" " ind2=" " tag="530"><subfield code="a">Archived issues are available in digital format as part of the Library of Congress Chronicling America online collection.</subfield></datafield><datafield ind1=" " ind2=" " tag="752"><subfield code="a">United States</subfield><subfield code="b">Texas</subfield><subfield code="c">Cameron</subfield><subfield code="d">Brownsville.</subfield></datafield><datafield ind1="0" ind2="5" tag="780"><subfield code="t">Daily cosmopolitan</subfield><subfield code="w">(DLC)sn 86088136</subfield><subfield code="w">(OCoLC)14051946</subfield></datafield><datafield ind1="0" ind2="0" tag="785"><subfield code="t">Brownsville daily herald (Brownsville, Tex. : 1897)</subfield><subfield code="x">2159-4015</subfield><subfield code="w">(DLC)sn 86099906</subfield><subfield code="w">(OCoLC)13107739</subfield></datafield><datafield ind1="4" ind2="1" tag="856"><subfield code="u">http://www.loc.gov/chroniclingamerica/lccn/sn86089174/issues</subfield></datafield><datafield ind1="1" ind2=" " tag="029"><subfield code="a">AU@</subfield><subfield code="b">000043364858</subfield></datafield><datafield ind1="1" ind2=" " tag="029"><subfield code="a">NZ1</subfield><subfield code="b">16071337</subfield></datafield></record>